[gd_scene load_steps=7 format=3 uid="uid://csxsnpyfdbfys"]

[ext_resource type="Script" path="res://src/engine/GUI/scenes/main/main interfaces/builds/components/pipeline_item_button.gd" id="1_f4u1n"]
[ext_resource type="Texture2D" uid="uid://6auqp7lm1p28" path="res://icon.svg" id="1_mylsh"]
[ext_resource type="Texture2D" uid="uid://sjq1ejf08j5s" path="res://src/engine/assets/textures/icons/animated/loading/loading.tres" id="2_wk1g2"]

[sub_resource type="StyleBoxEmpty" id="StyleBoxEmpty_73fs0"]

[sub_resource type="LabelSettings" id="LabelSettings_dk2bn"]

[sub_resource type="LabelSettings" id="LabelSettings_bun8d"]
font_size = 10

[node name="pipeline_item_button" type="MarginContainer"]
offset_right = 467.0
offset_bottom = 48.0
script = ExtResource("1_f4u1n")

[node name="Button" type="Button" parent="."]
layout_mode = 2
mouse_default_cursor_shape = 2
theme_override_styles/normal = SubResource("StyleBoxEmpty_73fs0")

[node name="bg_if_selected" type="PanelContainer" parent="."]
visible = false
layout_mode = 2
mouse_filter = 2
theme_type_variation = &"PanelContainerPurple"

[node name="gui" type="PanelContainer" parent="."]
clip_contents = true
layout_mode = 2
mouse_filter = 2
theme_type_variation = &"PanelContainerGray"

[node name="VBoxContainer" type="VBoxContainer" parent="gui"]
layout_mode = 2
mouse_filter = 2
theme_override_constants/separation = 0

[node name="HBoxContainer" type="HBoxContainer" parent="gui/VBoxContainer"]
custom_minimum_size = Vector2(0, 48)
layout_mode = 2
mouse_filter = 2

[node name="img_icon" type="TextureRect" parent="gui/VBoxContainer/HBoxContainer"]
unique_name_in_owner = true
custom_minimum_size = Vector2(48, 48)
layout_mode = 2
size_flags_horizontal = 0
size_flags_vertical = 0
mouse_filter = 2
texture = ExtResource("1_mylsh")
expand_mode = 1
stretch_mode = 4

[node name="VBoxContainer" type="VBoxContainer" parent="gui/VBoxContainer/HBoxContainer"]
layout_mode = 2
size_flags_horizontal = 3
mouse_filter = 2
theme_override_constants/separation = 0
alignment = 1

[node name="lbl_name" type="Label" parent="gui/VBoxContainer/HBoxContainer/VBoxContainer"]
unique_name_in_owner = true
layout_mode = 2
text = "3ds lol"
label_settings = SubResource("LabelSettings_dk2bn")
clip_text = true

[node name="lbl_type" type="Label" parent="gui/VBoxContainer/HBoxContainer/VBoxContainer"]
unique_name_in_owner = true
layout_mode = 2
text = "LPP-3DS"
label_settings = SubResource("LabelSettings_bun8d")
clip_text = true

[node name="building" type="HBoxContainer" parent="gui/VBoxContainer"]
visible = false
layout_mode = 2
mouse_filter = 2
alignment = 1

[node name="TextureRect" type="TextureRect" parent="gui/VBoxContainer/building"]
texture_filter = 1
layout_mode = 2
mouse_filter = 2
texture = ExtResource("2_wk1g2")
expand_mode = 2

[node name="Label" type="Label" parent="gui/VBoxContainer/building"]
layout_mode = 2
text = "Building"
